@misc{power2022grokking,
      title={Grokking: Generalization Beyond Overfitting on Small Algorithmic Datasets}, 
      author={Alethea Power and Yuri Burda and Harri Edwards and Igor Babuschkin and Vedant Misra},
      year={2022},
      eprint={2201.02177},
      archivePrefix={arXiv},
      primaryClass={cs.LG}
}

@misc{keskar2017largebatch,
      title={On Large-Batch Training for Deep Learning: Generalization Gap and Sharp Minima}, 
      author={Nitish Shirish Keskar and Dheevatsa Mudigere and Jorge Nocedal and Mikhail Smelyanskiy and Ping Tak Peter Tang},
      year={2017},
      eprint={1609.04836},
      archivePrefix={arXiv},
      primaryClass={cs.LG}
}

@misc{garipov2018loss,
      title={Loss Surfaces, Mode Connectivity, and Fast Ensembling of DNNs}, 
      author={Timur Garipov and Pavel Izmailov and Dmitrii Podoprikhin and Dmitry Vetrov and Andrew Gordon Wilson},
      year={2018},
      eprint={1802.10026},
      archivePrefix={arXiv},
      primaryClass={stat.ML}
}

@misc{liu2023omnigrok,
      title={Omnigrok: Grokking Beyond Algorithmic Data}, 
      author={Ziming Liu and Eric J. Michaud and Max Tegmark},
      year={2023},
      eprint={2210.01117},
      archivePrefix={arXiv},
      primaryClass={cs.LG}
}